@book{шведова1987пособие,
  title={Пособие по употреблению видов глагола для работы с филологами-русистами},
  author={Шведова, Лиллия Николаевна and Трофимова, Тамара Георгиевна},
  year={1987},
  publisher={Русский язык}
}
@book{гловинская1982семантические,
  title={Семантические типы видовых противопоставлений русского глагола},
  author={Гловинская, Марина Яковлевна},
  year={1982},
  publisher={Изд-во" Наука,"}
}
@book{золотова1998коммуникативная,
  title={Коммуникативная грамматика русского языка},
  author={Золотова, Галина Александровна and Онипенко, Н К and Сидорова, М Ю},
  year={1998},
  publisher={Moskovskii Gos. Universitet Im. MV Lomonosov}
}
@book{зализняк2000введение,
  title={Введение в русскую аспектологию},
  author={Зализняк, Анна А and Шмелев, А Д},
  year={2000},
  publisher={Языки русской культуры}
}
@book{авилова1976вид,
  title={Вид глагола и семантика глагольного слова},
  author={Авилова, Наталья Сергеевна},
  year={1976},
  publisher={Наука}
}

@article{тимофеев1950основных,
  title={Об основных типах инфинитивных предложений в современном русском литературном языке},
  author={Тимофеев, КА},
  journal={Вопросы синтаксиса современного русского языка},
  pages={257--301},
  year={1950}
}
